@Article{fagnant2014travel,
author = {Fagnant, D. and Kockelman, K.M.},
title = {The Travel and Environmental Implications of Shared Autonomous Vehicles, Using Agent-Based Model Scenarios},
journal = {Transportation Research Board Part C},
year = {2014},
OPTkey = {•},
OPTvolume = {40},
OPTnumber = {•},
OPTpages = {1-13},
OPTmonth = {•},
OPTnote = {•},
OPTannote = {Introduces the model that we use in experiments}
}

@inproceedings{macalpine2015scram,
	author={MacAlpine, Patrick and Price, Eric and Stone, Peter},
	title={SCRAM: Scalable Collision-avoiding Role Assignment with Minimal-makespan for Formational Positioning},
	booktitle={AAAI Conference on Artificial Intelligence (AAAI)},
	year={2015},
	annote={Describes several different algorithms for minimizing makespan. Experiments with point masses and robot soccer.}
}

@article{kuhn1955hungarian,
  title={The Hungarian method for the assignment problem},
  author={Kuhn, Harold W},
  journal={Naval research logistics quarterly},
  volume={2},
  number={1-2},
  pages={83--97},
  year={1955},
  publisher={Wiley Online Library}
}	